@BOOK{refguide:2011,
AUTHOR = {J. laferriere and G. Lietaert and R. Taws and S. Wolszczak},
TITLE = {Reference Guide to Fiber Optic Testing, Second Edition, Volume 1},
PUBLISHER = {JDS Uniphase Corporation},
YEAR = {2011},
}

@ARTICLE{Djebbar:2012,
   AUTHOR  = {Fatiha Djebbar and Beghdad Ayad and Karim Abed Meraim and Habib Hamam},
   TITLE   = {Comparative study of digital audio steganography techniques},  
   YEAR    = {2012},
}