@BOOK{refguide:2011,
AUTHOR = {J. laferriere and G. Lietaert and R. Taws and S. Wolszczak},
TITLE = {Reference Guide to Fiber Optic Testing, Second Edition, Volume 1},
PUBLISHER = {JDS Uniphase Corporation},
YEAR = {2011},
}

@ARTICLE{Fundamentals:2008,
   AUTHOR  = {Meridian-Tech},
   TITLE   = {Multimode vs. Singlemode â€“ Fiber Fundamentals},  
   YEAR    = {2008},
   URL	   = {http://www.meridian-tech.com/downloads/Articles/Fiber%2520Fundamentals%2520(MM%2520vs.%2520SM).pdf},
   JOURNAL = {SCN Magazine},
}

@ARTICLE{Inteno:EG500,
   AUTHOR  = {Inteno},
   TITLE   = {EG500},  
   YEAR    = {2013},
   URL	   = {http://www.inteno.se/Store/tabid/141/categoryid/126/productid/712/Default.aspx}
}

@ARTICLE{Inteno:XG6746,
   AUTHOR  = {Inteno},
   TITLE   = {XG6746},  
   YEAR    = {2013},
   URL	   = http://www.inteno.se/store/tabid/141/categoryid/130/productid/444/default.aspx}
}